<collection xmlns="http://www.loc.gov/MARC21/slim">
<record>
  <leader>01308nam0a2200277 i 450 </leader>
  <controlfield tag="001">IT\ICCU\CNCE\031123</controlfield>
  <controlfield tag="005">20151012000000.0</controlfield>
  <datafield tag="012" ind1=" " ind2=" ">
    <subfield code="a">i-ti t,im uae- ilua (C) 1579 (A)</subfield>
    <subfield code="2">fei</subfield>
  </datafield>
  <datafield tag="100" ind1=" " ind2=" ">
    <subfield code="a">19971202d1579        0itac0103    ba</subfield>
  </datafield>
  <datafield tag="101" ind1=" " ind2=" ">
    <subfield code="a">LAT</subfield>
  </datafield>
  <datafield tag="102" ind1=" " ind2=" ">
    <subfield code="a">IT</subfield>
  </datafield>
  <datafield tag="200" ind1="1" ind2=" ">
    <subfield code="a">Epistola Balthasaris Salmatiae, in qua disputatur de hac voce archigramateus et quaedam alia adiectasunt quae non iniucunda cognitu erunt ijs, qui studijs politioris humanitatis delectantur</subfield>
  </datafield>
  <datafield tag="210" ind1=" " ind2=" ">
    <subfield code="a">Vercellis</subfield>
    <subfield code="c">apud Gulielmum Molinum</subfield>
    <subfield code="d">1579</subfield>
  </datafield>
  <datafield tag="215" ind1=" " ind2=" ">
    <subfield code="a">\16! c.</subfield>
    <subfield code="d">4ʻ</subfield>
  </datafield>
  <datafield tag="620" ind1=" " ind2=" ">
    <subfield code="a">IT</subfield>
    <subfield code="d">Vercelli</subfield>
  </datafield>
  <datafield tag="700" ind1=" " ind2="1">
    <subfield code="a">Salmazza,</subfield>
    <subfield code="b">Baldassarre</subfield>
    <subfield code="3">IT\ICCU\CNCA\010128</subfield>
  </datafield>
  <datafield tag="712" ind1="0" ind2="0">
    <subfield code="a">Molino, Guglielmo</subfield>
    <subfield code="3">IT\ICCU\CNCT\000249</subfield>
    <subfield code="4">650</subfield>
  </datafield>
  <datafield tag="790" ind1=" " ind2="1">
    <subfield code="a">Salmasio,</subfield>
    <subfield code="b">Baldassarre</subfield>
    <subfield code="3">IT\ICCU\CNCA\010159</subfield>
    <subfield code="z">Salmazza, Baldassarre</subfield>
  </datafield>
  <datafield tag="790" ind1=" " ind2="1">
    <subfield code="a">Salmatia,</subfield>
    <subfield code="b">Balthasar</subfield>
    <subfield code="3">IT\ICCU\CNCA\023729</subfield>
    <subfield code="z">Salmazza, Baldassarre</subfield>
  </datafield>
  <datafield tag="791" ind1="0" ind2="0">
    <subfield code="a">Molinus, Gulielmus</subfield>
    <subfield code="3">IT\ICCU\CNCT\005212</subfield>
    <subfield code="z">Molino, Guglielmo</subfield>
  </datafield>
  <datafield tag="791" ind1="0" ind2="0">
    <subfield code="a">Mollino, Gullielmo</subfield>
    <subfield code="3">IT\ICCU\CNCT\005213</subfield>
    <subfield code="z">Molino, Guglielmo</subfield>
  </datafield>
  <datafield tag="801" ind1=" " ind2="3">
    <subfield code="a">IT</subfield>
    <subfield code="b">ICCU</subfield>
    <subfield code="c">20201114</subfield>
  </datafield>
  <datafield tag="899" ind1=" " ind2=" ">
    <subfield code="a">Biblioteca nazionale Braidense. Milano</subfield>
    <subfield code="1">MI0185</subfield>
    <subfield code="2">MIL NB</subfield>
  </datafield>
  <datafield tag="899" ind1=" " ind2=" ">
    <subfield code="a">Biblioteca Reale. Torino</subfield>
    <subfield code="1">TO0263</subfield>
    <subfield code="2">TO0 07</subfield>
  </datafield>
  <datafield tag="911" ind1=" " ind2=" ">
    <subfield code="a">Sul front.</subfield>
    <subfield code="9">IT\ICCU\CNCM\001880</subfield>
  </datafield>
  <datafield tag="921" ind1=" " ind2=" ">
    <subfield code="a">IT\ICCU\CNCM\001880</subfield>
    <subfield code="b">Mulino a vento. In cornice figurata</subfield>
    <subfield code="e">Dulcis aura veni</subfield>
    <subfield code="c">Z881</subfield>
    <subfield code="f">MULINO</subfield>
    <subfield code="g">1579</subfield>
  </datafield>
</record>
</collection>
